@manual{oetiket2007lshort,
  author = {Oetiket, T. and Partl, H. and Hyna and Schlegl, E.},
  title  = {The not-so-short introduction to Latex},
  url    = {http://www.ctan.org/tex-archive/info/lshort/english/lshort.pdf}
}

@manual{downes2002shortams,
  title        = {{Short Math Guide for \LaTeX{}}},
  author       = {Downes,, Michael},
  organization = {American Mathematical Society},
  year         = {2002},
  url          = {ftp://ftp.ams.org/pub/tex/doc/amsmath/short-math-guide.pdf}
}

@book{ungar2002uvod,
  author    = {Šime Ungar},
  title     = {{Uvod u \TeX{} s naglaskom na \LaTeX 2$\epsilon$}},
  publisher = {Odjel za matematiku, Sveučilište J.J.\ Strossmayera u Osijeku},
  year      = {2002}
}

@misc{the_oxford_blue_rock_climb,
  title        = {Why does everyone suddenly want to rock climb?},
  author       = {{The Oxford Blue}},
  year         = {2025},
  month        = {siječanj},
  howpublished = {\url{https://theoxfordblue.co.uk/why-does-everyone-suddenly-want-to-rock-climb/}},
  note         = {Pristupljeno 7. lipnja 2025.}
}